<?xml version="1.0" encoding="UTF-8"?><collection xmlns="http://www.loc.gov/MARC21/slim"><record><leader>00411nam--2200109-i-4500</leader><controlfield tag="001">000024357</controlfield><controlfield tag="002">20161230</controlfield><controlfield tag="005">20170125230340</controlfield><controlfield tag="008">060222s1000------------r-----000-0-eng-d</controlfield><datafield ind1=" " ind2=" " tag="245"><subfield code="a">Halbleiterprobleme in referaten des halgleiterausschusses des verbandes deutscher physikalicher gesellschaften: bd.3.1-75; 76-153; 154-229; 230-282</subfield></datafield><datafield ind1=" " ind2=" " tag="260"><subfield code="a">Braunschweig</subfield><subfield code="b">Friedr. Wieweg and Sohn</subfield><subfield code="c">1954</subfield></datafield><datafield ind1=" " ind2=" " tag="CAT"><subfield code="a">SYS</subfield><subfield code="c">20170125</subfield><subfield code="h">230340</subfield></datafield></record></collection>